<record><leader>00000cas a22000007a 4500</leader><controlfield tag="001">19509208</controlfield><controlfield tag="008">890407d19101924nduwr ne      0    0eng d</controlfield><datafield ind1=" " ind2=" " tag="010"><subfield code="a">sn 89074079 </subfield></datafield><datafield ind1=" " ind2=" " tag="040"><subfield code="a">NOP</subfield><subfield code="b">eng</subfield><subfield code="c">NOP</subfield><subfield code="d">OCLCQ</subfield></datafield><datafield ind1=" " ind2=" " tag="042"><subfield code="a">msc</subfield></datafield><datafield ind1="0" ind2="0" tag="245"><subfield code="a">Slope County news.</subfield></datafield><datafield ind1=" " ind2=" " tag="260"><subfield code="a">Chenoweth, N.D. :</subfield><subfield code="b">Fitcher &amp; Ingle</subfield></datafield><datafield ind1=" " ind2=" " tag="300"><subfield code="a">v. :</subfield><subfield code="b">ill.</subfield></datafield><datafield ind1=" " ind2=" " tag="310"><subfield code="a">Weekly</subfield></datafield><datafield ind1="1" ind2=" " tag="362"><subfield code="a">Began in 1910.</subfield></datafield><datafield ind1="0" ind2=" " tag="362"><subfield code="a">-v. 14, no. 27 (Aug. 1, 1924).</subfield></datafield><datafield ind1=" " ind2=" " tag="500"><subfield code="a">Place of publication varies: Chenoweth, N.D., 1910-Feb. 16, 1912; Bessie, N.D., Feb. 23-Aug. 23, 1912; Amidon, N.D., Aug. 30, 1912-Aug. 1, 1924.</subfield></datafield><datafield ind1=" " ind2=" " tag="530"><subfield code="a">Available on microfilm from the State Historical Society of North Dakota.</subfield></datafield><datafield ind1=" " ind2=" " tag="588"><subfield code="a">Description based on: Vol. 1, no. 5 (Jan. 27, 1911).</subfield></datafield><datafield ind1=" " ind2=" " tag="752"><subfield code="a">United States</subfield><subfield code="b">North Dakota</subfield><subfield code="c">Slope</subfield><subfield code="d">Amidon.</subfield></datafield><datafield ind1=" " ind2=" " tag="752"><subfield code="a">United States</subfield><subfield code="b">North Dakota</subfield><subfield code="c">Slope</subfield><subfield code="d">Chenoweth.</subfield></datafield><datafield ind1=" " ind2=" " tag="752"><subfield code="a">United States</subfield><subfield code="b">North Dakota</subfield><subfield code="c">Slope</subfield><subfield code="d">Bessie.</subfield></datafield><datafield ind1="0" ind2="7" tag="785"><subfield code="t">Farmers press</subfield><subfield code="w">(DLC)sn 89074078</subfield></datafield><datafield ind1="0" ind2="7" tag="785"><subfield code="t">Slope County post</subfield><subfield code="w">(DLC)sn 89074080</subfield></datafield><datafield ind1="1" ind2=" " tag="029"><subfield code="a">AU@</subfield><subfield code="b">000025871189</subfield></datafield></record>